<record><leader>00000cas a2200000 a 4500</leader><controlfield tag="001">11447829</controlfield><controlfield tag="008">841203d198u1985ksucr ne      0   a0eng d</controlfield><datafield ind1=" " ind2=" " tag="010"><subfield code="a">sn 84002037 </subfield></datafield><datafield ind1=" " ind2=" " tag="040"><subfield code="a">NSD</subfield><subfield code="b">eng</subfield><subfield code="c">NSD</subfield><subfield code="d">NPT</subfield><subfield code="d">OCL</subfield><subfield code="d">OCLCQ</subfield></datafield><datafield ind1=" " ind2=" " tag="012"><subfield code="m">1</subfield></datafield><datafield ind1="1" ind2=" " tag="022"><subfield code="a">8750-5037</subfield><subfield code="l">8750-5037</subfield><subfield code="2">1</subfield></datafield><datafield ind1=" " ind2=" " tag="032"><subfield code="a">730790</subfield><subfield code="b">USPS</subfield></datafield><datafield ind1=" " ind2=" " tag="037"><subfield code="b">Post-Dispatch, P.O. Box 509, Neodesha, KS 66757</subfield></datafield><datafield ind1=" " ind2=" " tag="042"><subfield code="a">nsdp</subfield></datafield><datafield ind1=" " ind2="0" tag="222"><subfield code="a">Neodesha post-dispatch</subfield></datafield><datafield ind1="0" ind2="0" tag="245"><subfield code="a">Neodesha post-dispatch.</subfield></datafield><datafield ind1=" " ind2=" " tag="260"><subfield code="a">Neodesha, Kan. :</subfield><subfield code="b">Hugh R. Taylor</subfield></datafield><datafield ind1=" " ind2=" " tag="300"><subfield code="a">v. :</subfield><subfield code="b">ill. ;</subfield><subfield code="c">58 cm.</subfield></datafield><datafield ind1=" " ind2=" " tag="310"><subfield code="a">Semiweekly (except national holidays)</subfield></datafield><datafield ind1="1" ind2=" " tag="362"><subfield code="a">Ceased with Feb. 28, 1985 issue?</subfield></datafield><datafield ind1=" " ind2=" " tag="588"><subfield code="a">Description based on: Vol. 1, no. 65 (Nov. 15, 1984).</subfield></datafield><datafield ind1=" " ind2=" " tag="752"><subfield code="a">United States</subfield><subfield code="b">Kansas</subfield><subfield code="c">Wilson</subfield><subfield code="d">Neodesha.</subfield></datafield><datafield ind1=" " ind2=" " tag="936"><subfield code="a">Nov. 15, 1984</subfield></datafield></record>